
@article{manzoni2018,
	title = {Genome, transcriptome and proteome: the rise of omics data and their integration in biomedical sciences},
	author = {Manzoni, Claudia and Kia, Demis A and Vandrovcova, Jana and Hardy, John and Wood, Nicholas W and Lewis, Patrick A and Ferrari, Raffaele},
	year = {2018},
	month = {03},
	date = {2018-03-01},
	journal = {Briefings in Bioinformatics},
	pages = {286--302},
	volume = {19},
	number = {2},
	doi = {10.1093/bib/bbw114},
	url = {https://academic.oup.com/bib/article/19/2/286/2562648},
	langid = {en}
}

@Manual{shiny,
  title = {shiny: Web Application Framework for R},
  author = {Winston Chang and Joe Cheng and JJ Allaire and Carson Sievert and Barret Schloerke and Yihui Xie and Jeff Allen and Jonathan McPherson and Alan Dipert and Barbara Borges},
  year = {2024},
  note = {R package version 1.8.1},
  url = {https://CRAN.R-project.org/package=shiny},
  doi = {10.32614/CRAN.package.shiny},
}

@Manual{shiny.semantic,
  title = {shiny.semantic: Semantic UI Support for Shiny},
  author = {Filip Stachura and Dominik Krzeminski and Krystian Igras and Adam Forys and {Paweł Przytuła} and Jakub Chojna and Olga Mierzwa-Sulima and Jakub Nowicki and Tymoteusz Makowski},
  year = {2024},
  note = {R package version 0.4.4},
  url = {https://CRAN.R-project.org/package=shiny.semantic},
  doi = {10.32614/CRAN.package.shiny.semantic},
}

@Manual{DT,
  title = {DT: A Wrapper of the JavaScript Library 'DataTables'},
  author = {Yihui Xie and Joe Cheng and Xianying Tan},
  year = {2024},
  note = {R package version 0.33},
  url = {https://CRAN.R-project.org/package=DT},
  doi = {10.32614/CRAN.package.DT},
}

@Book{ggplot2,
  title = {ggplot2: Elegant Graphics for Data Analysis},
  author = {Hadley Wickham},
  publisher = {Springer-Verlag New York},
  year = {2016},
  isbn = {978-3-319-24277-4},
  url = {https://ggplot2.tidyverse.org},
  doi = {10.1007/978-3-319-24277-4},
}

@Book{plotly,
  title = {Interactive Web-Based Data Visualization with R, plotly, and shiny},
  author = {Carson Sievert},
  publisher = {Chapman and Hall/CRC},
  year = {2020},
  isbn = {9781138331457},
  url = {https://plotly-r.com},
  doi = {10.1201/9780429447273},
}

@Manual{gt,
  title = {gt: Easily Create Presentation-Ready Display Tables},
  author = {Richard Iannone and Joe Cheng and Barret Schloerke and Ellis Hughes and Alexandra Lauer and JooYoung Seo and Ken Brevoort and Olivier Roy},
  year = {2024},
  note = {R package version 0.10.1},
  url = {https://CRAN.R-project.org/package=gt},
  doi = {10.32614/CRAN.package.gt},
}

@Manual{shinyjs,
  title = {shinyjs: Easily Improve the User Experience of Your Shiny Apps in Seconds},
  author = {Dean Attali},
  year = {2021},
  note = {R package version 2.1.0},
  url = {https://CRAN.R-project.org/package=shinyjs},
  doi = {10.32614/CRAN.package.shinyjs},
}

@Manual{shinyalert,
  title = {shinyalert: Easily Create Pretty Popup Messages (Modals) in 'Shiny'},
  author = {Dean Attali and Tristan Edwards},
  year = {2024},
  note = {R package version 3.0.0},
  url = {https://CRAN.R-project.org/package=shinyalert},
  doi = {10.32614/CRAN.package.shinyalert},
}

@Manual{dplyr,
  title = {dplyr: A Grammar of Data Manipulation},
  author = {Hadley Wickham and Romain François and Lionel Henry and Kirill Müller and Davis Vaughan},
  year = {2023},
  note = {R package version 1.1.4},
  url = {https://CRAN.R-project.org/package=dplyr},
  doi = {10.32614/CRAN.package.dplyr},
}

@Manual{tidyr,
  title = {tidyr: Tidy Messy Data},
  author = {Hadley Wickham and Davis Vaughan and Maximilian Girlich},
  year = {2024},
  note = {R package version 1.3.1},
  url = {https://CRAN.R-project.org/package=tidyr},
  doi = {10.32614/CRAN.package.tidyr},
}
